<record><leader>00000cas a22000007a 4500</leader><controlfield tag="001">23658607</controlfield><controlfield tag="008">910429d19501951nyuwr ne      0    0eng d</controlfield><datafield ind1=" " ind2=" " tag="010"><subfield code="a">sn 91066241 </subfield></datafield><datafield ind1=" " ind2=" " tag="040"><subfield code="a">NYS</subfield><subfield code="b">eng</subfield><subfield code="c">NYS</subfield><subfield code="d">OCLCQ</subfield></datafield><datafield ind1=" " ind2=" " tag="042"><subfield code="a">msc</subfield></datafield><datafield ind1="0" ind2=" " tag="130"><subfield code="a">Cincinnatus times (Cincinnatus, N.Y. : 1950)</subfield></datafield><datafield ind1="1" ind2="4" tag="245"><subfield code="a">The Cincinnatus times.</subfield></datafield><datafield ind1=" " ind2=" " tag="260"><subfield code="a">Cincinnatus, N.Y. :</subfield><subfield code="b">Bruce E. &amp; George S. Whitehead</subfield></datafield><datafield ind1=" " ind2=" " tag="300"><subfield code="a">v.</subfield></datafield><datafield ind1=" " ind2=" " tag="310"><subfield code="a">Weekly</subfield></datafield><datafield ind1="1" ind2=" " tag="362"><subfield code="a">Began in 1950?</subfield></datafield><datafield ind1="0" ind2=" " tag="362"><subfield code="a">-v. 1, no. 50 (May 25, 1951).</subfield></datafield><datafield ind1=" " ind2=" " tag="500"><subfield code="a">"News of the Otselic Valley."</subfield></datafield><datafield ind1=" " ind2=" " tag="588"><subfield code="a">Description based on: Vol. 1, no. 2 (June 9, 1950).</subfield></datafield><datafield ind1=" " ind2="4" tag="651"><subfield code="a">Cincinnatus (N.Y.)</subfield><subfield code="v">Newspapers.</subfield></datafield><datafield ind1=" " ind2=" " tag="752"><subfield code="a">United States</subfield><subfield code="b">New York</subfield><subfield code="c">Cortland</subfield><subfield code="d">Cincinnatus.</subfield></datafield><datafield ind1="1" ind2=" " tag="029"><subfield code="a">AU@</subfield><subfield code="b">000025905634</subfield></datafield></record>